<?xml version="1.0" encoding="UTF-8"?><collection xmlns="http://www.loc.gov/MARC21/slim"><record><leader>00282nam--2200109-i-4500</leader><controlfield tag="001">000006991</controlfield><controlfield tag="002">20161230</controlfield><controlfield tag="005">20161230201027</controlfield><controlfield tag="008">060222s1000------------r-----000-0-eng-d</controlfield><datafield ind1=" " ind2=" " tag="245"><subfield code="a">Directory of british scientists 1964-1965</subfield></datafield><datafield ind1=" " ind2=" " tag="260"><subfield code="a">London, Ernest Benn Ltd., 1964</subfield></datafield><datafield ind1=" " ind2=" " tag="490"><subfield code="a">Xxxii+2003p</subfield></datafield></record></collection>